% Encoding: UTF-8

@Article{Balk2012,
  author    = {Balk, Ethan M and Earley, Amy and Patel, Kamal and Trikalinos, Thomas A and Dahabreh, Issa J},
  title     = {Empirical assessment of within-arm correlation imputation in trials of continuous outcomes},
  year      = {2012},
  publisher = {Agency for Healthcare Research and Quality (US)},
}

@Article{Monastra2005,
  author    = {Monastra, Vincent J},
  title     = {Electroencephalographic biofeedback (neurotherapy) as a treatment for attention deficit hyperactivity disorder: rationale and empirical foundation},
  journal   = {Child and Adolescent Psychiatric Clinics of North America},
  year      = {2005},
  volume    = {14},
  number    = {1},
  pages     = {55--82},
  publisher = {Elsevier},
	doi = {10.1016/j.chc.2004.07.004}
}

@Article{Heinrich2004,
  author    = {Heinrich, Hartmut and Gevensleben, Holger and Freisleder, Franz Joseph and Moll, Gunther H and Rothenberger, Aribert},
  title     = {Training of slow cortical potentials in attention-deficit/hyperactivity disorder: evidence for positive behavioral and neurophysiological effects},
  journal   = {Biological psychiatry},
  year      = {2004},
  volume    = {55},
  number    = {7},
  pages     = {772--775},
  publisher = {Elsevier},
	doi = {10.1016/j.biopsych.2003.11.013}
}

@Article{Lubar1976,
  author    = {Lubar, Joel F and Shouse, Margaret N},
  title     = {EEG and behavioral changes in a hyperkinetic child concurrent with training of the sensorimotor rhythm (SMR)},
  journal   = {Biofeedback and Self-regulation},
  year      = {1976},
  volume    = {1},
  number    = {3},
  pages     = {293--306},
  publisher = {Springer},
}

@Article{Arns2009,
  author    = {Arns, Martijn and de Ridder, Sabine and Strehl, Ute and Breteler, Marinus and Coenen, Anton},
  title     = {Efficacy of neurofeedback treatment in ADHD: the effects on inattention, impulsivity and hyperactivity: a meta-analysis},
  journal   = {Clinical EEG and neuroscience},
  year      = {2009},
  volume    = {40},
  number    = {3},
  pages     = {180--189},
  publisher = {SAGE Publications Sage CA: Los Angeles, CA},
	doi = {10.1177/155005940904000311}
}

@Article{Micoulaud2014,
  author    = {Micoulaud-Franchi, Jean-Arthur and Geoffroy, Pierre Alexis and Fond, Guillaume and Lopez, R{\'e}gis and Bioulac, St{\'e}phanie and Philip, Pierre},
  title     = {EEG neurofeedback treatments in children with ADHD: an updated meta-analysis of randomized controlled trials},
  journal   = {Frontiers in human neuroscience},
  year      = {2014},
  volume    = {8},
  publisher = {Frontiers Media SA},
	doi = {10.3389/fnhum.2014.00906}
}

@Article{Cortese2016,
  author    = {Cortese, Samuele and Ferrin, Maite and Brandeis, Daniel and Holtmann, Martin and Aggensteiner, Pascal and Daley, David and Santosh, Paramala and Simonoff, Emily and Stevenson, Jim and Stringaris, Argyris and others},
  title     = {Neurofeedback for attention-deficit/hyperactivity disorder: meta-analysis of clinical and neuropsychological outcomes from randomized controlled trials},
  journal   = {Journal of the American Academy of Child \& Adolescent Psychiatry},
  year      = {2016},
  volume    = {55},
  number    = {6},
  pages     = {444--455},
  publisher = {Elsevier},
	doi = {10.1016/j.jaac.2016.03.007}
}

@Article{Arns2014,
  author    = {Arns, Martijn and Heinrich, Hartmut and Strehl, Ute},
  title     = {Evaluation of neurofeedback in ADHD: the long and winding road},
  journal   = {Biological psychology},
  year      = {2014},
  volume    = {95},
  pages     = {108--115},
  publisher = {Elsevier},
	doi = {10.1016/j.biopsycho.2013.11.013}
}

@Article{Meisel2014,
  author    = {Meisel, Victoria and Servera, Mateu and Garcia-Banda, Gloria and Cardo, Esther and Moreno, Inmaculada},
  title     = {Reprint of “Neurofeedback and standard pharmacological intervention in ADHD: a randomized controlled trial with six-month follow-up”},
  journal   = {Biological psychology},
  year      = {2014},
  volume    = {95},
  pages     = {116--125},
  publisher = {Elsevier},
	doi = {10.1016/j.biopsycho.2013.09.009}
}

@Article{Strehl2017,
  author    = {Strehl, Ute and Aggensteiner, Pascal and Wachtlin, Daniel and Brandeis, Daniel and Albrecht, Bjorn and Arana, Maria and Bach, Christiane and Banaschewski, Tobias and Bogen, Thorsten   
	            and Flaig-Rohr, Andrea and others},
  title     = {Neurofeedback of Slow Cortical Potentials in Children with Attention-Deficit/Hyperactivity Disorder: A Multicenter Randomized Trial Controlling for Unspecific Effects},
  journal   = {Frontiers in human neuroscience},
  year      = {2017},
  volume    = {11},
  publisher = {Frontiers Media SA},
	doi = {10.3389/fnhum.2017.00135}
}

@Article{Baumeister2016,
  author    = {Baumeister, Sarah and Wolf, Isabella and Holz, Nathalie and Boecker-Schlier, Regina and Adamo, Nicoletta and Holtmann, Martin and Ruf, Matthias and Banaschewski, Tobias and Hohmann, Sarah and 
	             Brandeis, Daniel},
  title     = {Neurofeedback training effects on inhibitory brain activation in ADHD: A matter of learning?},
  journal   = {Neuroscience},
  year      = {2016},
  publisher = {Elsevier},
	doi = {10.1016/j.neuroscience.2016.09.025}
}

@Article{Morris2008,
  author    = {Morris, Scott B},
  title     = {Estimating effect sizes from pretest-posttest-control group designs},
  journal   = {Organizational Research Methods},
  year      = {2008},
  volume    = {11},
  number    = {2},
  pages     = {364--386},
  publisher = {Sage Publications Sage UK: London, England},
	doi = {10.1177/1094428106291059}
}

@Book{Borenstein2009,
  title     = {Introduction to meta-analysis},
  publisher = {Wiley},
  year      = {2009},
  author    = {Borenstein, Michael and Hedges, Larry V and Higgins, Julian and Rothstein, Hannah R},
}

@Misc{RevMan,
  author = {{Cochrane Collaboration}},
  title  = {RevMan 5.1},
  year   = {2011},
	howpublished = {\url{https://community.cochrane.org/help/tools-and-software/revman-5}}
}

@Manual{DSM-5,
  title   = {Diagnostic and Statistical Manual of Mental Disorders, Fifth Edition (DSM-5)},
  author  = {{The American Psychiatric Association}},
  edition = {5},
  year    = {2013},
}

@Manual{DSM-4,
  title   = {Diagnostic and Statistical Manual of Mental Disorders, Fourth Edition (DSM-IV)},
  author  = {{The American Psychiatric Association}},
  edition = {4},
  year    = {2000},
}

@Article{Loo2005,
  author  = {Sandra K. Loo and Russell A. Barkley},
  title   = {Clinical utility of EEG in Attention Deficit Hyperactivity Disorder},
  journal = {Applied Neuropsychology},
  year    = {2005},
  volume  = {12},
  pages   = {64-76},
	doi = {10.1007/s13311-012-0131-z}
}

@Article{Micoulaud2016,
  author  = {Jean-Arthur Micoulaud-Franchi and Francesco Salvo and Stephanie Bioulac and Thomas Fovet},
  title   = {Neurofeedbach in Attention-Deficit/Hyperactivity Disorder: Efficacy},
  journal = {Journal of the American Academy of Child \& Adolescent Psychiatry},
  year    = {2016},
	doi = {10.1016/j.jaac.2016.09.493}
}

@Article{Arnold2014,
  author  = {L. Eugene Arnold and Nicholas Lofthouse and Sarah Hersch and Xueliang Pan and Elizabeth Hurt and Bethany Bates and Kathleen Kassouf and Stacey Moone and Cara Grantier},
  title   = {EEG Neurofeedback for Attention-Deficit/Hyperactivity Disorder: Double-Blind Sham-Controlled Randomized Pilot Feasibility Trial},
  journal = {Journal of Atention Disorder},
  year    = {2014},
	doi = {10.1177/1087054712446173}
}

@Article{Lofthouse2012,
  author  = {Nicholas Lofthouse and L. Eugene Arnold and Sarah Hersch and Elizabeth Hurt and Roger DeBeus},
  title   = {A review of Neurofeedback treatment for pediatric ADHD},
  journal = {Journal of Attention Disorders},
  year    = {2012},
	doi = {10.1177/1087054711427530}
}

@Article{Sonuga-Barke2013,
  author  = {Edmund J.S. Sonuga-Barke and Daniel Brandeis and Samuele Cortese and David Daley and Maite Ferrin and Martin Holtmann and Jim Stevenson and Marina Danckaerts and Saskia van der Oord and Manfred Döpfner and Ralf W. Dittmann and Emily Simonoff and Alessandro Zuddas and Tobias Banaschewski and Jan Buitelaar and David Coghill and Chris Hollis and Eric Konofal and Michel Lecendreux and Ian C.K. Wong and Joseph Sergeant},
  title   = {Nonpharmacological Interventions for ADHD: Systematic Review and Meta-Analyses of Randomized Controlled Trials of Dietary and Psychological Treatments},
  journal = {American Journal of Psychiatry},
  year    = {2013},
	doi = {10.1176/appi.ajp.2012.12070991}
}

@Article{Mohagheghi2017,
  author    = {Mohagheghi, Arash and Amiri, Shahrokh and Moghaddasi Bonab, Nafiseh and Chalabianloo, Gholamreza and Noorazar, Seyed Gholamreza and Tabatabaei, Seyed Mahmoud and Farhang, Sara},
  title     = {A Randomized Trial of Comparing the Efficacy of Two Neurofeedback Protocols for Treatment of Clinical and Cognitive Symptoms of ADHD: Theta Suppression/Beta Enhancement and Theta Suppression/Alpha Enhancement},
  journal   = {BioMed Research International},
  year      = {2017},
  volume    = {2017},
  publisher = {Hindawi Publishing Corporation},
	doi = {10.1155/2017/3513281}
}

@Article{vanDongenBoomsma2015,
  author  = {van Dongen-Boomsma M and Vollebregt MA and Slaats-Willemse D and Buitelaar JK},
  title   = {Efficacy of frequency-neurofeedback and Cogmed JM-working memory training in children with ADHD},
  journal = {Tijdschrift voor Psychiatrie},
  year    = {2015},
}

@Article{Lee2017,
  author    = {Lee, Eun-Jeong and Jung, Chul-Ho},
  title     = {Additive effects of neurofeedback on the treatment of ADHD: A randomized controlled study},
  journal   = {Asian Journal of Psychiatry},
  year      = {2017},
  volume    = {25},
  pages     = {16--21},
  publisher = {Elsevier},
	doi = {10.1016/j.ajp.2016.09.002}
}

@Article{Christiansen2014,
  author    = {Christiansen, Hanna and Reh, Verena and Schmidt, Martin H and Rief, Winfried},
  title     = {Slow cortical potential neurofeedback and self-management training in outpatient care for children with ADHD: study protocol and first preliminary results of a randomized controlled trial},
  journal   = {Frontiers in human neuroscience},
  year      = {2014},
  volume    = {8},
  publisher = {Frontiers Media SA},
	doi = {10.3389/fnhum.2014.00943}
}

@Article{Bakhshayesh2011,
  title={Neurofeedback in ADHD: a single-blind randomized controlled trial},
  author={Bakhshayesh, Ali Reza and H{\"a}nsch, Sylvana and Wyschkon, Anne and Rezai, Mohammad Javad and Esser, G{\"u}nter},
  journal={European child \& adolescent psychiatry},
  volume={20},
  number={9},
  pages={481},
  year={2011},
  publisher={Springer},
	doi = {10.1007/s00787-011-0208-y}
}

@Article{Beauregard2006,
  author    = {Beauregard, Mario and Levesque, Johanne},
  title     = {Functional magnetic resonance imaging investigation of the effects of neurofeedback training on the neural bases of selective attention and response inhibition in children with 
	            attention-deficit/hyperactivity disorder},
  journal   = {Applied psychophysiology and biofeedback},
  year      = {2006},
  volume    = {31},
  number    = {1},
  pages     = {3--20},
  publisher = {Springer},
	doi = {10.1007/s10484-006-9001-y}
}

@Article{Maurizio2014,
  author    = {Maurizio, Stefano and Liechti, Martina Daniela and Heinrich, Hartmut and J{\"a}ncke, Lutz and Steinhausen, Hans-Christoph and Walitza, Susanne and Brandeis, Daniel and Drechsler, Renate},
  title     = {Comparing tomographic EEG neurofeedback and EMG biofeedback in children with attention-deficit/hyperactivity disorder},
  journal   = {Biological psychology},
  year      = {2014},
  volume    = {95},
  pages     = {31--44},
  publisher = {Elsevier},
	doi = {10.1016/j.biopsycho.2013.10.008}
}

@Article{VanDongen2013,
  author  = {van Dongen-Boomsma, Martine and Vollebregt, Madelon A and Slaats-Willemse, Dorine and Buitelaar, Jan K},
  title   = {A randomized placebo-controlled trial of electroencephalographic (EEG) neurofeedback in children with attention-deficit/hyperactivity disorder},
  journal = {J Clin Psychiatry},
  year    = {2013},
  volume  = {74},
  number  = {8},
  pages   = {821--827},
	doi = {10.4088/JCP.12m08321}
}

@Article{Steiner2011,
  author    = {Steiner, Naomi J and Sheldrick, Radley Christopher and Gotthelf, David and Perrin, Ellen C},
  title     = {Computer-based attention training in the schools for children with attention deficit/hyperactivity disorder: a preliminary trial},
  journal   = {Clinical pediatrics},
  year      = {2011},
  volume    = {50},
  number    = {7},
  pages     = {615--622},
  publisher = {SAGE Publications Sage CA: Los Angeles, CA},
	doi = {10.1177/0009922810397887}
}

@Article{Holtmann2009,
  author    = {Holtmann, Martin and Grasmann, D{\"o}rte and Cionek-Szpak, Ewa and Hager, Viola and Panzner, Nicole and Beyer, Anke and Poustka, Fritz and Stadler, Christina},
  title     = {Spezifische Wirksamkeit von Neurofeedback auf die Impulsivit{\"a}t bei ADHS},
  journal   = {Kindheit und Entwicklung},
  year      = {2009},
  volume    = {18},
  number    = {2},
  pages     = {95--104},
  publisher = {Hogrefe Verlag G{\"o}ttingen},
	doi = {10.1026/0942-5403.18.2.95}
}

@Article{Gevensleben2009,
  author    = {Gevensleben, Holger and Holl, Birgit and Albrecht, Bj{\"o}rn and Vogel, Claudia and Schlamp, Dieter and Kratz, Oliver and Studer, Petra and Rothenberger, Aribert and Moll, Gunther H and Heinrich, Hartmut},
  title     = {Is neurofeedback an efficacious treatment for ADHD? A randomised controlled clinical trial},
  journal   = {Journal of Child Psychology and Psychiatry},
  year      = {2009},
  volume    = {50},
  number    = {7},
  pages     = {780--789},
  publisher = {Wiley Online Library},
	doi = {10.1111/j.1469-7610.2008.02033.x}
}

@Article{Linden1996,
  author    = {Linden, Michael and Habib, Thomas and Radojevic, Vesna},
  title     = {A controlled study of the effects of EEG biofeedback on cognition and behavior of children with attention deficit disorder and learning disabilities},
  journal   = {Applied Psychophysiology and Biofeedback},
  year      = {1996},
  volume    = {21},
  number    = {1},
  pages     = {35--49},
  publisher = {Springer},
}

@Article{Steiner2014,
  author    = {Steiner, Naomi J and Frenette, Elizabeth C and Rene, Kirsten M and Brennan, Robert T and Perrin, Ellen C},
  title     = {Neurofeedback and cognitive attention training for children with attention-deficit hyperactivity disorder in schools},
  journal   = {Journal of Developmental \& Behavioral Pediatrics},
  year      = {2014},
  volume    = {35},
  number    = {1},
  pages     = {18--27},
  publisher = {LWW},
	doi = {10.1097/DBP.0000000000000009}
}

@Article{Bink2014,
  author  = {Marleen Bink and Chijs van Nieuwenhuizen and Arne Popma and Ilja L. Bongers and Geert J. M. van Boxtel},
  title   = {Behavioral effects of neurofeedback in adolescents with ADHD: a randomized controlled trial},
  journal = {European Child and Adolescent Psychiatry},
  year    = {2014},
	doi = {10.1007/s00787-014-0655-3}
}

@article{loo2017,
  title={Parsing heterogeneity in attention-deficit hyperactivity disorder using EEG-based subgroups},
  author={Loo, Sandra K and McGough, James J and McCracken, James T and Smalley, Susan L},
  journal={Journal of Child Psychology and Psychiatry},
  year={2017},
  publisher={Wiley Online Library},
	doi = {10.1111/jcpp.12814}
}

@article{Arns2015,
  title={Neurofeedback in ADHD},
  author={Arns, Martijn and Heinrich, Hartmut and Ros, Tomas and Rothenberger, Aribert and Strehl, Ute},
  journal={Frontiers in human neuroscience},
  volume={9},
  pages={602},
  year={2015},
  publisher={Frontiers},
	doi = {10.3389/fnhum.2015.00602}
}

@incollection{Matouvsek1984,
  title={EEG frequency analysis in children with so-called minimal brain dysfunction and related disorders},
  author={Matou{\v{s}}ek, Milos and Rasmussen, Peder and Gillberg, Christopher},
  booktitle={Neurophysiological Correlates of Mental Disorders},
  volume={15},
  pages={102--108},
  year={1984},
  publisher={Karger Publishers},
	doi = {10.1159/000410508}
}

@article{Janzen1995,
  title={Differences in baseline EEG measures for ADD and normally achieving preadolescent males},
  author={Janzen, Troy and Graap, Ken and Stephanson, Stephan and Marshall, Wilma and Fitzsimmons, George},
  journal={Biofeedback and self-Regulation},
  volume={20},
  number={1},
  pages={65--82},
  year={1995},
  publisher={Springer}
}

@article{Steffert2010,
  title={Neurofeedback and ADHD},
  author={Steffert, Beverley and Steffert, Tony},
  journal={ADHD in practice},
  volume={2},
  number={1},
  pages={16--19},
  year={2010}
}

@article{Arns2013,
  title={A decade of EEG theta/beta ratio research in ADHD: a meta-analysis},
  author={Arns, Martijn and Conners, C Keith and Kraemer, Helena C},
  journal={Journal of attention disorders},
  volume={17},
  number={5},
  pages={374--383},
  year={2013},
  publisher={Sage Publications Sage CA: Los Angeles, CA},
	doi = {10.1177/1087054712460087}
}

@article{Banaschewski2007,
  title={Annotation: what electrical brain activity tells us about brain function that other techniques cannot tell us--a child psychiatric perspective},
  author={Banaschewski, Tobias and Brandeis, Daniel},
  journal={Journal of Child Psychology and Psychiatry},
  volume={48},
  number={5},
  pages={415--435},
  year={2007},
  publisher={Wiley Online Library},
	doi = {10.1111/j.1469-7610.2006.01681.x}
}

@article{Rossiter1995,
  title={A comparison of EEG biofeedback and psychostimulants in treating attention deficit/hyperactivity disorders},
  author={Rossiter, Dr Thomas R and La Vaque, Theodore J},
  journal={Journal of Neurotherapy},
  volume={1},
  number={1},
  pages={48--59},
  year={1995},
  publisher={Taylor \& Francis},
	doi = {10.1300/J184v01n01_07}
}

@book{ICD101993,
  title={The ICD-10 classification of mental and behavioural disorders: diagnostic criteria for research},
  author={{World Health Organization}},
  volume={2},
  year={1993},
  publisher={World Health Organization}
}

@article{Pedregosa2011,
  title={Scikit-learn: Machine learning in Python},
  author={Pedregosa, Fabian and Varoquaux, Ga{\"e}l and Gramfort, Alexandre and Michel, Vincent and Thirion, Bertrand and Grisel, Olivier and Blondel, Mathieu and Prettenhofer, Peter and Weiss, Ron and Dubourg, Vincent and others},
  journal={Journal of machine learning research},
  volume={12},
  number={Oct},
  pages={2825--2830},
  year={2011}
}

@incollection{Montgomery2012,
  title={Introduction to linear regression analysis},
  author={Montgomery, Douglas C and Peck, Elizabeth A and Vining, G Geoffrey},
  volume={821},
	pages={190--191},
	chapter={5},
  year={2012},
  publisher={John Wiley \& Sons}
}

@article{Tibshirani1996,
  title={Regression shrinkage and selection via the lasso},
  author={Tibshirani, Robert},
  journal={Journal of the Royal Statistical Society. Series B (Methodological)},
  pages={267--288},
  year={1996},
  publisher={JSTOR}
}

@article{Quinlan1986,
  title={Induction of decision trees},
  author={Quinlan, J. Ross},
  journal={Machine learning},
  volume={1},
  number={1},
  pages={81--106},
  year={1986},
  publisher={Springer}
}

@incollection{Shapiro2010,
  title={Academic skills problems fourth edition workbook},
  author={Shapiro, Edward S},
  year={2010},
  publisher={Guilford Press}
}

@incollection{James2013,
  title={An introduction to statistical learning},
  author={James, Gareth and Witten, Daniela and Hastie, Trevor and Tibshirani, Robert},
  volume={112},
	chapter={8},
	pages={303--332},
  year={2013},
  publisher={Springer}
}

@incollection{Cohen1988,
  title={Statistical power analysis for the behavioral sciences 2nd edn},
  author={Cohen, Jacob},
  year={1988},
  publisher={Erlbaum Associates, Hillsdale}
}

@inproceedings{Seabold2010,
  title={Statsmodels: Econometric and statistical modeling with python},
  author={Seabold, Skipper and Perktold, Josef},
  booktitle={Proceedings of the 9th Python in Science Conference},
  volume={57},
  pages={61},
  year={2010},
  organization={SciPy society Austin}
}

@article{VanDoren2017,
  title={Theta/beta neurofeedback in children with ADHD: Feasibility of a short-term setting and plasticity effects},
  author={Van Doren, Jessica and Heinrich, Hartmut and Bezold, Mareile and Reuter, Nina and Kratz, Oliver and Horndasch, Stefanie and Berking, Matthias and Ros, Tomas and Gevensleben, Holger and Moll, Gunther H and others},
  journal={International Journal of Psychophysiology},
  volume={112},
  pages={80--88},
  year={2017},
  publisher={Elsevier},
	doi = {10.1016/j.ijpsycho.2016.11.004}
}

@article{Monastra2002,
  title={The effects of stimulant therapy, EEG biofeedback, and parenting style on the primary symptoms of attention-deficit/hyperactivity disorder},
  author={Monastra, Vincent J and Monastra, Donna M and George, Susan},
  journal={Applied psychophysiology and biofeedback},
  volume={27},
  number={4},
  pages={231--249},
  year={2002},
  publisher={Springer}
}

@article{Enriquez2017,
  title={EEG-neurofeedback as a tool to modulate cognition and behavior: a review tutorial},
  author={Enriquez-Geppert, Stefanie and Huster, Ren{\'e} J and Herrmann, Christoph S},
  journal={Frontiers in human neuroscience},
  volume={11},
  pages={51},
  year={2017},
  publisher={Frontiers},
	doi = {10.3389/fnhum.2017.00051}
}

@article{Bluschke2016,
  title={The neuronal mechanisms underlying improvement of impulsivity in ADHD by theta/beta neurofeedback},
  author={Bluschke, Annet and Broschwitz, Felicia and Kohl, Simon and Roessner, Veit and Beste, Christian},
  journal={Scientific reports},
  volume={6},
  pages={31178},
  year={2016},
  publisher={Nature Publishing Group},
	doi = {10.1038/srep31178}
}

@article{Deilami2016,
  title={The effect of neurofeedback therapy on reducing symptoms associated with attention deficit hyperactivity disorder: A case series study},
  author={Deilami, Mostafa and Jahandideh, Asghar and Kazemnejad, Yousef and Fakour, Yousef and Alipoor, Shiva and Rabiee, Fatemeh and Pournesaie, Ghazal Saadat and Heidari, Rosemarie Noot and Mosavi, Seyed Aliasghar},
  journal={Basic and clinical neuroscience},
  volume={7},
  number={2},
  pages={167},
  year={2016},
  publisher={Iranian Neuroscience Society},
	doi = {10.15412/J.BCN.03070211}
}

@article{Drechsler2007,
  title={Controlled evaluation of a neurofeedback training of slow cortical potentials in children with attention deficit/hyperactivity disorder (ADHD)},
  author={Drechsler, Renate and Straub, Marc and Doehnert, Mirko and Heinrich, Hartmut and Steinhausen, Hans-Christoph and Brandeis, Daniel},
  journal={Behavioral and brain functions},
  volume={3},
  number={1},
  pages={35},
  year={2007},
  publisher={BioMed Central},
	doi = {10.1186/1744-9081-3-35}
}

@article{Duric2012,
  title={Neurofeedback for the treatment of children and adolescents with ADHD: a randomized and controlled clinical trial using parental reports},
  author={Duric, Nezla S and Assmus, J{\o}rg and Gundersen, Doris and Elgen, Irene B},
  journal={BMC psychiatry},
  volume={12},
  number={1},
  pages={107},
  year={2012},
  publisher={BioMed Central},
	doi = {10.1186/1471-244X-12-107}
}

@article{Escolano2014,
  title={The effects of individual upper alpha neurofeedback in ADHD: an open-label pilot study},
  author={Escolano, Carlos and Navarro-Gil, Mayte and Garcia-Campayo, Javier and Congedo, Marco and Minguez, Javier},
  journal={Applied psychophysiology and biofeedback},
  volume={39},
  number={3-4},
  pages={193--202},
  year={2014},
  publisher={Springer},
	doi = {10.1007/s10484-014-9257-6}
}

@article{Fuchs2003,
  title={Neurofeedback treatment for attention-deficit/hyperactivity disorder in children: a comparison with methylphenidate},
  author={Fuchs, Thomas and Birbaumer, Niels and Lutzenberger, Werner and Gruzelier, John H and Kaiser, Jochen},
  journal={Applied psychophysiology and biofeedback},
  volume={28},
  number={1},
  pages={1--12},
  year={2003},
  publisher={Springer}
}

@article{Kropotov2005,
  title={ERPs correlates of EEG relative beta training in ADHD children},
  author={Kropotov, Jury D and Grin-Yatsenko, Vera A and Ponomarev, Valery A and Chutko, Leonid S and Yakovenko, Elena A and Nikishena, Inna S},
  journal={International journal of psychophysiology},
  volume={55},
  number={1},
  pages={23--34},
  year={2005},
  publisher={Elsevier},
	doi = {10.1016/j.ijpsycho.2004.05.011}
}

@article{Leins2007,
  title={Neurofeedback for children with ADHD: a comparison of SCP and Theta/Beta protocols},
  author={Leins, Ulrike and Goth, Gabriella and Hinterberger, Thilo and Klinger, Christoph and Rumpf, Nicola and Strehl, Ute},
  journal={Applied psychophysiology and biofeedback},
  volume={32},
  number={2},
  pages={73--88},
  year={2007},
  publisher={Springer},
	doi = {10.1007/s10484-007-9031-0}
}

@article{Li2013,
  title={A randomised controlled trial of combined EEG feedback and methylphenidate therapy for the treatment of ADHD},
  author={Li, Li and Yang, Li and Zhuo, CJ and Wang, Yu-Feng},
  journal={Swiss Med. Wkly},
  volume={143},
  pages={w13838},
  year={2013},
	doi = {10.4414/smw.2013.13838}
}

@article{Ogrim2013,
  title={Effects of neurofeedback versus stimulant medication in attention-deficit/hyperactivity disorder: a randomized pilot study},
  author={Ogrim, Geir and Hestad, Knut A},
  journal={Journal of child and adolescent psychopharmacology},
  volume={23},
  number={7},
  pages={448--457},
  year={2013},
  publisher={Mary Ann Liebert, Inc. 140 Huguenot Street, 3rd Floor New Rochelle, NY 10801 USA},
	doi = {10.1089/cap.2012.0090}
}

@article{Strehl2006,
  title={Self-regulation of slow cortical potentials: a new treatment for children with attention-deficit/hyperactivity disorder},
  author={Strehl, Ute and Leins, Ulrike and Goth, Gabriella and Klinger, Christoph and Hinterberger, Thilo and Birbaumer, Niels},
  journal={Pediatrics},
  volume={118},
  number={5},
  pages={e1530--e1540},
  year={2006},
  publisher={Am Acad Pediatrics},
	doi = {10.1542/peds.2005-2478}
}

@article{Vernon2004,
  title={Neurofeedback as a treatment for ADHD: A methodological review with implications for future research},
  author={Vernon, David and Frick, Ann and Gruzelier, John},
  journal={Journal of Neurotherapy},
  volume={8},
  number={2},
  pages={53--82},
  year={2004},
  publisher={Taylor \& Francis},
	doi = {10.1300/J184v08n02_04}
}

@article{Mohammadi2015,
  title={Comparison of sensorimotor rhythm (SMR) and beta training on selective attention and symptoms in children with attention deficit/hyperactivity disorder (ADHD): A trend report},
  author={Mohammadi, Mohammad Reza and Malmir, Nastaran and Khaleghi, Ali and Aminiorani, Majd},
  journal={Iranian journal of psychiatry},
  volume={10},
  number={3},
  pages={165},
  year={2015},
  publisher={Tehran University of Medical Sciences}
}

@article{Fouillen2017,
  title={{ERP}-based {BCI} for children with ADHD: motivations and trial design},
  author={Fouillen, M and Maby, E and Le Career, L and Herbillon, V and Mattout, J},
  year={2017},
}

@article{Collett2003,
  title={Ten-year review of rating scales. V: scales assessing attention-deficit/hyperactivity disorder},
  author={Collett, Brent R and Ohan, Jeneva L and Myers, Kathleen M},
  journal={Journal of the American Academy of Child \& Adolescent Psychiatry},
  volume={42},
  number={9},
  pages={1015--1037},
  year={2003},
  publisher={Elsevier},
	doi = {10.1097/01.CHI.0000070245.24125.B6}
}

@incollection{Conners2011,
  title={Conners 3rd Edition (Conners 3; Conners 2008)},
  author={Conners, C Keith and Pitkanen, Jenni and Rzepa, Sara R},
  booktitle={Encyclopedia of clinical neuropsychology},
  pages={675--678},
  year={2011},
  publisher={Springer}
}

@article{Conners1998,
  title={The revised Conners' Parent Rating Scale (CPRS-R): factor structure, reliability, and criterion validity},
  author={Conners, C Keith and Sitarenios, Gill and Parker, James DA and Epstein, Jeffery N},
  journal={Journal of abnormal child psychology},
  volume={26},
  number={4},
  pages={257--268},
  year={1998},
  publisher={Springer}
}

@inproceedings{dwyer2007,
  title={Decision tree instability and active learning},
  author={Dwyer, Kenneth and Holte, Robert},
  booktitle={European Conference on Machine Learning},
  pages={128--139},
  year={2007},
  organization={Springer}
}

@book{vanDongenBoomsma20152014thesis,
  title={Need, Quest \& Evidence. Resting-state oscillations, neurofeedback, and working memory training in ADHD.},
  author={Dongen-Boomsma, M van},
  year={2014},
  publisher={[Sl: sn]}
}

@article{Epstein2012,
  title={Assessing treatment outcomes in attention-deficit/hyperactivity disorder: a narrative review},
  author={Epstein, Jeffery N and Weiss, Margaret D},
  journal={The primary care companion for CNS disorders},
  volume={14},
  number={6},
  year={2012},
  publisher={Physicians Postgraduate Press, Inc.},
	doi = {10.4088/PCC.11r01336}
}

@article{Faraone2006,
  title={The age-dependent decline of attention deficit hyperactivity disorder: a meta-analysis of follow-up studies},
  author={Faraone, Stephen V and Biederman, Joseph and Mick, Eric},
  journal={Psychological medicine},
  volume={36},
  number={2},
  pages={159--165},
  year={2006},
  publisher={Cambridge University Press},
	doi = {10.1017/S003329170500471X}
}

@article{Jeunet2018,
  title={Using recent BCI literature to deepen our understanding of clinical neurofeedback: A short review},
  author={Jeunet, Camille and Lotte, Fabien and Batail, Jean-Marie and Philip, Pierre and Franchi, Jean-Arthur Micoulaud},
  journal={Neuroscience},
  year={2018},
  publisher={Elsevier},
	doi = {10.1016/j.neuroscience.2018.03.013}
}

@article{Shaw2005,
  title={Adjustment, social skills, and self-esteem in college students with symptoms of ADHD},
  author={Shaw-Zirt, Barbara and Popali-Lehane, Leelawatte and Chaplin, William and Bergman, Andrea},
  journal={Journal of Attention Disorders},
  volume={8},
  number={3},
  pages={109--120},
  year={2005},
  publisher={Sage Publications Sage CA: Thousand Oaks, CA},
	doi = {10.1177/1087054705277775}
}

@article{Barry2002,
  title={Academic underachievement and attention-deficit/hyperactivity disorder: The negative impact of symptom severity on school performance},
  author={Barry, Tammy DeShazo and Lyman, Robert D and Klinger, Laura Grofer},
  journal={Journal of school psychology},
  volume={40},
  number={3},
  pages={259--283},
  year={2002},
  publisher={Elsevier},
	doi = {10.1016/S0022-4405(02)00100-0}
}

@article{Harpin2005,
  title={The effect of ADHD on the life of an individual, their family, and community from preschool to adult life},
  author={Harpin, Valerie A},
  journal={Archives of disease in childhood},
  volume={90},
  number={suppl 1},
  pages={i2--i7},
  year={2005},
  publisher={BMJ Publishing Group Ltd},
	doi = {10.1136/adc.2004.059006}
}

@article{le2014,
  title={Economic impact of childhood/adolescent ADHD in a European setting: the Netherlands as a reference case},
  author={Le, Hoa H and Hodgkins, Paul and Postma, Maarten J and Kahle, Jennifer and Sikirica, Vanja and Setyawan, Juliana and Erder, M Haim and Doshi, Jalpa A},
  journal={European child \& adolescent psychiatry},
  volume={23},
  number={7},
  pages={587--598},
  year={2014},
  publisher={Springer},
	doi = {10.1007/s00787-013-0477-8}
}

@article{Forbes1998,
  title={Clinical utility of the test of variables of attention (TOVA) in the diagnosis of attention-deficit/hyperactivity disorder},
  author={Forbes, Gordon B},
  journal={Journal of clinical psychology},
  volume={54},
  number={4},
  pages={461--476},
  year={1998},
  publisher={Wiley Online Library},
	doi = {10.1002/(SICI)1097-4679(199806)54:4<461::AID-JCLP8>3.0.CO;2-Q}
}

@article{Barkley1991,
  title={The ecological validity of laboratory and analogue assessment methods of ADHD symptoms},
  author={Barkley, Russell A},
  journal={Journal of abnormal child psychology},
  volume={19},
  number={2},
  pages={149--178},
  year={1991},
  publisher={Springer}
}

@article{Robertson1997,
  title={Oops!': performance correlates of everyday attentional failures in traumatic brain injured and normal subjects},
  author={Robertson, Ian H and Manly, Tom and Andrade, Jackie and Baddeley, Bart T and Yiend, Jenny},
  journal={Neuropsychologia},
  volume={35},
  number={6},
  pages={747--758},
  year={1997},
  publisher={Elsevier},
	doi = {10.1016/S0028-3932(97)00015-8}
}

@Article{Taylor2014,
  author    = {Taylor, Eric},
  title     = {Uses and misuses of treatments for ADHD. The second Birgit Olsson lecture},
  journal   = {Nordic journal of psychiatry},
  year      = {2014},
  volume    = {68},
  number    = {4},
  pages     = {236--242},
  publisher = {Taylor \& Francis},
	doi={10.3109/08039488.2013.804118}
}

@Article{Storebo2015,
  author  = {Ole Jakob Storebo and Helle B Krogh and Erica Ramstad and Carlos R Moreira-Maia and Mathilde Holmskov and Maria Skoog and Trine Danvad Nilausen and Frederik L Magnusson and Morris Zwi and Donna Gillies and Susanne Rosendal and Camilla Groth and Kirsten Buch Rasmussen and Dorothy Gauci and Richard Kirubakaran and Bente Forsbol and Erik Simonsen and Christian Gluud},
  title   = {Methylphenidate for attention-deficit/hyperactivity disorder in children and adolescents: Cochrane systematic review with meta-analyses and trial sequential analyses of randomised clinical trials},
  journal = {BMJ},
  year    = {2015},
	doi={10.1136/bmj.h5203}
}

@Article{DuPaul1998,
  author    = {DuPaul, Barkley, Connor},
  title     = {Stimulants},
  journal   = {Attention-deficit hyperactivity disorder: A handbook for diagnosis and treatment},
  year      = {1998},
  pages     = {510--551},
  publisher = {Guilford Press New York},
}

@Article{Swanson2001,
  author    = {Swanson, James M and Kraemer, Helena C and Hinshaw, Stephen P and Arnold, L Eugene and Conners, C Keith and Abikoff, Howard B and Clevenger, Walter and Davies, Mark and Elliott, Glen R and Greenhill, Laurence L and others},
  title     = {Clinical relevance of the primary findings of the MTA: success rates based on severity of ADHD and ODD symptoms at the end of treatment},
  journal   = {Journal of the American Academy of Child \& Adolescent Psychiatry},
  year      = {2001},
  volume    = {40},
  number    = {2},
  pages     = {168--179},
  publisher = {Elsevier},
	doi={10.1097/00004583-200102000-00011}
}

@Article{Jensen1999,
  author    = {Jensen, Peter S},
  title     = {A 14-month randomized clinical trial of treatment strategies for attention-deficit/hyperactivity disorder},
  journal   = {Archives of general psychiatry},
  year      = {1999},
  volume    = {56},
  number    = {12},
  pages     = {1073--1086},
  publisher = {American Medical Association},
}

@article{Cooper2011,
  title={ADHD drugs and serious cardiovascular events in children and young adults},
  author={Cooper, William O and Habel, Laurel A and Sox, Colin M and Chan, K Arnold and Arbogast, Patrick G and Cheetham, T Craig and Murray, Katherine T and Quinn, Virginia P and Stein, C Michael and Callahan, S Todd and others},
  journal={New England Journal of Medicine},
  volume={365},
  number={20},
  pages={1896--1904},
  year={2011},
  publisher={Mass Medical Soc},
	doi={10.1056/NEJMoa1110212}
}

@article{Belanger2009,
  title={Omega-3 fatty acid treatment of children with attention-deficit hyperactivity disorder: A randomized, double-blind, placebo-controlled study},
  author={B{\'e}langer, Stacey Ageranioti and Vanasse, Michel and Spahis, Schohraya and Sylvestre, Marie-Pierre and Lipp{\'e}, Sarah and l'Heureux, Fran{\c{c}}ois and Ghadirian, Parviz and Vanasse, Catherine-Marie and Levy, Emile},
  journal={Paediatrics \& child health},
  volume={14},
  number={2},
  pages={89--98},
  year={2009},
  publisher={Oxford University Press},
	doi={10.1093/pch/14.2.89}
}

@article{Durup1935,
  title={I. L'{\'e}lectrenc{\'e}phalogramme de l'homme. Observations psycho-physiologiques relatives {\`a} l'action des stimuli visuels et auditifs},
  author={Durup, Gustave and Fessard, Alfred},
  journal={L'ann{\'e}e psychologique},
  volume={36},
  number={1},
  pages={1--32},
  year={1935},
  publisher={Pers{\'e}e-Portail des revues scientifiques en SHS}
}

@article{Sterman1974,
  title={Biofeedback training of the sensorimotor electroencephalogram rhythm in man: effects on epilepsy},
  author={Sterman, MB and MacDonald, LR and Stone, R Kc},
  journal={Epilepsia},
  volume={15},
  number={3},
  pages={395--416},
  year={1974},
  publisher={Wiley Online Library},
	doi={10.1111/j.1528-1157.1974.tb04016.x}
}

@article{Narad2015,
  title={Parent--teacher agreement on ADHD symptoms across development.},
  author={Narad, Megan E and Garner, Annie A and Peugh, James L and Tamm, Leanne and Antonini, Tanya N and Kingery, Kathleen M and Simon, John O and Epstein, Jeffery N},
  journal={Psychological assessment},
  volume={27},
  number={1},
  pages={239},
  year={2015},
  publisher={US: American Psychological Association},
	doi={10.1037/a0037864}
}

@article{Sollie2013,
  title={Comparison of mother, father, and teacher reports of ADHD core symptoms in a sample of child psychiatric outpatients},
  author={Sollie, Henrik and Larsson, Bo and M{\o}rch, Willy-Tore},
  journal={Journal of Attention Disorders},
  volume={17},
  number={8},
  pages={699--710},
  year={2013},
  publisher={Sage Publications Sage CA: Los Angeles, CA},
	doi={10.1177/1087054711436010}
}

@article{Berger1929,
  title={{\"U}ber das elektrenkephalogramm des menschen},
  author={Berger, Hans},
  journal={Archiv f{\"u}r psychiatrie und nervenkrankheiten},
  volume={87},
  number={1},
  pages={527--570},
  year={1929},
  publisher={Springer}
}

@misc{Eemagine,
  author = {{Eemagine\copyright}},
  title={Eemagine},
	year = {},
  howpublished = {\href{http://www.eemagine.com/}}
}

@article{Reynolds1975,
  title={A primer of operant conditioning, Rev},
  author={Reynolds, George Stanley},
  year={1975},
  publisher={Scott, Foresman}
}

@article{Sherlin2011,
  title={Neurofeedback and basic learning theory: implications for research and practice},
  author={Sherlin, Leslie H and Arns, Martijn and Lubar, Joel and Heinrich, Hartmut and Kerson, Cynthia and Strehl, Ute and Sterman, M Barry},
  journal={Journal of Neurotherapy},
  volume={15},
  number={4},
  pages={292--304},
  year={2011},
  publisher={Taylor \& Francis}
}

@inproceedings{Wang2010,
  title={Eeg-based" serious" games design for medical applications},
  author={Wang, Qiang and Sourina, Olga and Nguyen, Minh Khoa},
  booktitle={Cyberworlds (cw), 2010 international conference on},
  pages={270--276},
  year={2010},
  organization={IEEE}
}

@misc{Bussalb2019,
  author = {Aurore Bussalb},
  title = {Meta-analysis statistical tools},
  year = {2019},
  publisher = {GitHub},
  journal = {GitHub repository},
  howpublished = {\url{https://github.com/AuroreBussalb/meta-analysis-statistical-tools}},
  commit = {}
}

@article{Pappas2006,
  title={ADHD Rating Scale-IV: Checklists, norms, and clinical interpretation},
  author={Pappas, Danielle},
  journal={Journal of psychoeducational assessment},
  volume={24},
  number={2},
  pages={172--178},
  year={2006},
  publisher={Sage Publications Sage CA: Thousand Oaks, CA},
	doi={10.1177/0734282905285792}
}

@incollection{Mowrer1960,
  title={Learning theory and behavior.},
  author={Mowrer, Orval},
  year={1960},
	pages={21--62},
	chapter={2},
  publisher={John Wiley \& Sons Inc},
	doi={10.1037/10802-000}
}

@article{Minder2018,
  title={Informant-related effects of neurofeedback and cognitive training in children with ADHD including a waiting control phase: a randomized-controlled trial},
  author={Minder, Franziska and Zuberer, Agnieszka and Brandeis, Daniel and Drechsler, Renate},
  journal={European child \& adolescent psychiatry},
  pages={1--12},
  year={2018},
  publisher={Springer},
	doi={10.1007/s00787-018-1116-1}
}

@article{Marzbani2016,
  title={Neurofeedback: a comprehensive review on system design, methodology and clinical applications},
  author={Marzbani, Hengameh and Marateb, Hamid Reza and Mansourian, Marjan},
  journal={Basic and clinical neuroscience},
  volume={7},
  number={2},
  pages={143},
  year={2016},
  publisher={Iranian Neuroscience Society},
	doi={10.15412/J.BCN.03070208}
}

@article{Skinner1961,
  title={The operational analysis of psychological terms},
  author={Skinner, Burrhus Frederic},
  journal={Behavioral and brain sciences},
  volume={7},
  number={4},
  pages={547--553},
  year={1984},
  publisher={Cambridge University Press}
}

@article{Alkoby2017,
  title={Can we predict who will respond to neurofeedback? A review of the inefficacy problem and existing predictors for successful EEG neurofeedback learning},
  author={Alkoby, O and Abu-Rmileh, A and Shriki, O and Todder, D},
  journal={Neuroscience},
  year={2017},
  publisher={Elsevier},
	doi={10.1016/j.neuroscience.2016.12.050}
}

@book{World-Medical-Association2000,
  title={The Declaration of Helsinki 52nd WMA General Assembly},
  author={{World Medical Association}},
  year={2000},
	howpublished = {http://www.wma.net}
}

@article{Rogala2016,
  title={The Do's and Don'ts of neurofeedback training: a review of the controlled studies using healthy adults},
  author={Rogala, Jacek and Jurewicz, Katarzyna and Paluch, Katarzyna and Kublik, Ewa and Cetnarski, Ryszard and Wr{\'o}bel, Andrzej},
  journal={Frontiers in human neuroscience},
  volume={10},
  pages={301},
  year={2016},
  publisher={Frontiers},
	doi={10.3389/fnhum.2016.00301}
}

@misc{Supplementalmaterial,
  author = {Aurore Bussalb},
  title = {Supplemental Material},
  year = {2019},
  publisher = {GitHub},
  howpublished = {\url{https://github.com/AuroreBussalb/meta-analysis-statistical-tools/blob/master/documentation/article-latex-source/supplemental_material.pdf}},
  commit = {}
}

@misc{TheraPrax,
  author = {NeuroCare},
  title = {{Thera Prax\textregistered}},
  howpublished = {\url{https://www.neurocaregroup.com/neuroconn-thera-prax.html}}
}

@article{Holtmann2014,
  title={Neurofeedback in children with attention-deficit/hyperactivity disorder (ADHD)--a controlled multicenter study of a non-pharmacological treatment approach},
  author={Holtmann, Martin and Pniewski, Benjamin and Wachtlin, Daniel and W{\"o}rz, Sonja and Strehl, Ute},
  journal={BMC pediatrics},
  volume={14},
  number={1},
  pages={202},
  year={2014},
  publisher={BioMed Central}
}

@article{Birbaumer1991,
  title={Clinical-psychological treatment of epileptic seizures: a controlled study},
  author={Birbaumer, Niels},
  journal={Perspectives and promises in clinical psychology},
  year={1991},
  publisher={Plenum Press}
}

@misc{ISO-60601-2-26:2012,
  author = {{International Electrotechnical Commission}},
  title={60601-2-26:2012}, 
	year={2012},
  howpublished = {\url{https://webstore.iec.ch/publication/2637#additionalinfo}}
}

@article{Johnstone2005,
  title={Clinical database development: characterization of EEG phenotypes},
  author={Johnstone, J and Gunkelman, J and Lunt, J},
  journal={Clinical EEG and Neuroscience},
  volume={36},
  number={2},
  pages={99--107},
  year={2005},
  publisher={SAGE Publications Sage CA: Los Angeles, CA}
}

@article{Congedo2004,
  title={Low-resolution electromagnetic tomography neurofeedback},
  author={Congedo, Marco and Lubar, Joel F and Joffe, David},
  journal={IEEE Transactions on Neural Systems and Rehabilitation Engineering},
  volume={12},
  number={4},
  pages={387--397},
  year={2004},
  publisher={IEEE}
}

@article{Moher2009,
  title={Preferred reporting items for systematic reviews and meta-analyses: the PRISMA statement},
  author={Moher, David and Liberati, Alessandro and Tetzlaff, Jennifer and Altman, Douglas G},
  journal={Annals of internal medicine},
  volume={151},
  number={4},
  pages={264--269},
  year={2009},
  publisher={Am Coll Physicians}
}

@article{Gelade2016,
  title={Behavioral effects of neurofeedback compared to stimulants and physical activity in attention-deficit/hyperactivity disorder: a randomized controlled trial.},
  author={Gelad{\'e}, Katleen and Janssen, TW and Bink, Marleen and Maras, A and Oosterlaan, J and others},
  journal={The Journal of clinical psychiatry},
  volume={77},
  number={10},
  pages={e1270--e1277},
  year={2016}
}

@incollection{Liu2016,
  title={Individual theta/beta based algorithm for neurofeedback games to improve cognitive abilities},
  author={Liu, Yisi and Hou, Xiyuan and Sourina, Olga and Bazanova, Olga},
  booktitle={Transactions on Computational Science XXVI},
  pages={57--73},
  year={2016},
  publisher={Springer}
}

@article{Bazanova2018,
  title={On the Efficiency of Individualized Theta/Beta Ratio Neurofeedback Combined with Forehead EMG Training in ADHD Children},
  author={Bazanova, Olga M and Auer, Tibor and Sapina, Elena A},
  journal={Frontiers in human neuroscience},
  volume={12},
  pages={3},
  year={2018},
  publisher={Frontiers}
}

@book{Shewhart1931,
  title={Economic control of quality of manufactured product},
  author={Shewhart, Walter Andrew},
  year={1931},
  publisher={ASQ Quality Press}
}

@article{Klimesch1999,
  title={EEG alpha and theta oscillations reflect cognitive and memory performance: a review and analysis},
  author={Klimesch, Wolfgang},
  journal={Brain research reviews},
  volume={29},
  number={2-3},
  pages={169--195},
  year={1999},
  publisher={Elsevier}
}

@article{Luan2017,
  title={Efficacy and Tolerability of Different interventions in children and adolescents with attention Deficit hyperactivity Disorder},
  author={Luan, Ruiling and Mu, Zhiling and Yue, Fang and He, Shaoying},
  journal={Frontiers in psychiatry},
  volume={8},
  pages={229},
  year={2017},
  publisher={Frontiers}
}

@article{Su2016,
  title={Osmotic release oral system methylphenidate versus atomoxetine for the treatment of attention-deficit/hyperactivity disorder in Chinese youth: 8-week comparative efficacy and 1-year follow-up},
  author={Su, Yi and Yang, Li and Stein, Mark A and Cao, Qingjiu and Wang, Yufeng},
  journal={Journal of child and adolescent psychopharmacology},
  volume={26},
  number={4},
  pages={362--371},
  year={2016},
  publisher={Mary Ann Liebert, Inc. 140 Huguenot Street, 3rd Floor New Rochelle, NY 10801 USA}
}

@article{Becker2016,
  title={Effects of methylphenidate on sleep functioning in children with attention-deficit/hyperactivity disorder},
  author={Becker, Stephen P and Froehlich, Tanya E and Epstein, Jeffery N},
  journal={Journal of developmental and behavioral pediatrics: JDBP},
  volume={37},
  number={5},
  pages={395},
  year={2016},
  publisher={NIH Public Access}
}

@misc{Neba,
  author = {{Neba Health}},
  title={Neba}, 
	year={2015},
  howpublished = {\href{https://shop.nebahealth.com/products/neba-fda-cleared-brainwave-adhd-assessment-aid}{https://shop.nebahealth.com/products/neba-fda-cleared-brainwave-adhd-assessment-aid}}
}

@Comment{jabref-meta: databaseType:bibtex;}
