% Encoding: UTF-8

@Article{Balk2012,
  author    = {Balk, Ethan M and Earley, Amy and Patel, Kamal and Trikalinos, Thomas A and Dahabreh, Issa J},
  title     = {Empirical assessment of within-arm correlation imputation in trials of continuous outcomes},
  year      = {2012},
  publisher = {Agency for Healthcare Research and Quality (US)},
}

@Article{Monastra2005,
  author    = {Monastra, Vincent J},
  title     = {Electroencephalographic biofeedback (neurotherapy) as a treatment for attention deficit hyperactivity disorder: rationale and empirical foundation},
  journal   = {Child and Adolescent Psychiatric Clinics of North America},
  year      = {2005},
  volume    = {14},
  number    = {1},
  pages     = {55--82},
  publisher = {Elsevier},
	doi = {https://doi.org/10.1016/j.chc.2004.07.004}
}

@Article{Heinrich2004,
  author    = {Heinrich, Hartmut and Gevensleben, Holger and Freisleder, Franz Joseph and Moll, Gunther H and Rothenberger, Aribert},
  title     = {Training of slow cortical potentials in attention-deficit/hyperactivity disorder: evidence for positive behavioral and neurophysiological effects},
  journal   = {Biological psychiatry},
  year      = {2004},
  volume    = {55},
  number    = {7},
  pages     = {772--775},
  publisher = {Elsevier},
	doi = {https://doi.org/10.1016/j.biopsych.2003.11.013}
}

@Article{Lubar1976,
  author    = {Lubar, Joel F and Shouse, Margaret N},
  title     = {EEG and behavioral changes in a hyperkinetic child concurrent with training of the sensorimotor rhythm (SMR)},
  journal   = {Biofeedback and Self-regulation},
  year      = {1976},
  volume    = {1},
  number    = {3},
  pages     = {293--306},
  publisher = {Springer},
}

@Article{Arns2009,
  author    = {Arns, Martijn and de Ridder, Sabine and Strehl, Ute and Breteler, Marinus and Coenen, Anton},
  title     = {Efficacy of neurofeedback treatment in ADHD: the effects on inattention, impulsivity and hyperactivity: a meta-analysis},
  journal   = {Clinical EEG and neuroscience},
  year      = {2009},
  volume    = {40},
  number    = {3},
  pages     = {180--189},
  publisher = {SAGE Publications Sage CA: Los Angeles, CA},
	doi = {https://doi.org/10.1177/155005940904000311}
}

@Article{Micoulaud2014,
  author    = {Micoulaud-Franchi, Jean-Arthur and Geoffroy, Pierre Alexis and Fond, Guillaume and Lopez, R{\'e}gis and Bioulac, St{\'e}phanie and Philip, Pierre},
  title     = {EEG neurofeedback treatments in children with ADHD: an updated meta-analysis of randomized controlled trials},
  journal   = {Frontiers in human neuroscience},
  year      = {2014},
  volume    = {8},
  publisher = {Frontiers Media SA},
	doi = {https://doi.org/10.3389/fnhum.2014.00906}
}

@Article{Cortese2016,
  author    = {Cortese, Samuele and Ferrin, Maite and Brandeis, Daniel and Holtmann, Martin and Aggensteiner, Pascal and Daley, David and Santosh, Paramala and Simonoff, Emily and Stevenson, Jim and Stringaris, Argyris and others},
  title     = {Neurofeedback for attention-deficit/hyperactivity disorder: meta-analysis of clinical and neuropsychological outcomes from randomized controlled trials},
  journal   = {Journal of the American Academy of Child \& Adolescent Psychiatry},
  year      = {2016},
  volume    = {55},
  number    = {6},
  pages     = {444--455},
  publisher = {Elsevier},
	doi = {https://doi.org/10.1016/j.jaac.2016.03.007}
}

@Article{Arns2014,
  author    = {Arns, Martijn and Heinrich, Hartmut and Strehl, Ute},
  title     = {Evaluation of neurofeedback in ADHD: the long and winding road},
  journal   = {Biological psychology},
  year      = {2014},
  volume    = {95},
  pages     = {108--115},
  publisher = {Elsevier},
	doi = {https://doi.org/10.1016/j.biopsycho.2013.11.013}
}

@Article{Meisel2014,
  author    = {Meisel, Victoria and Servera, Mateu and Garcia-Banda, Gloria and Cardo, Esther and Moreno, Inmaculada},
  title     = {Reprint of “Neurofeedback and standard pharmacological intervention in ADHD: a randomized controlled trial with six-month follow-up”},
  journal   = {Biological psychology},
  year      = {2014},
  volume    = {95},
  pages     = {116--125},
  publisher = {Elsevier},
	doi = {https://doi.org/10.1016/j.biopsycho.2013.09.009}
}

@Article{Strehl2017,
  author    = {Strehl, Ute and Aggensteiner, Pascal and Wachtlin, Daniel and Brandeis, Daniel and Albrecht, Bjorn and Arana, Maria and Bach, Christiane and Banaschewski, Tobias and Bogen, Thorsten   
	            and Flaig-Rohr, Andrea and others},
  title     = {Neurofeedback of Slow Cortical Potentials in Children with Attention-Deficit/Hyperactivity Disorder: A Multicenter Randomized Trial Controlling for Unspecific Effects},
  journal   = {Frontiers in human neuroscience},
  year      = {2017},
  volume    = {11},
  publisher = {Frontiers Media SA},
	doi = {https://doi.org/10.3389/fnhum.2017.00135}
}

@Article{Baumeister2016,
  author    = {Baumeister, Sarah and Wolf, Isabella and Holz, Nathalie and Boecker-Schlier, Regina and Adamo, Nicoletta and Holtmann, Martin and Ruf, Matthias and Banaschewski, Tobias and Hohmann, Sarah and 
	             Brandeis, Daniel},
  title     = {Neurofeedback training effects on inhibitory brain activation in ADHD: A matter of learning?},
  journal   = {Neuroscience},
  year      = {2016},
  publisher = {Elsevier},
	doi = {https://doi.org/10.1016/j.neuroscience.2016.09.025}
}

@Article{Morris2008,
  author    = {Morris, Scott B},
  title     = {Estimating effect sizes from pretest-posttest-control group designs},
  journal   = {Organizational Research Methods},
  year      = {2008},
  volume    = {11},
  number    = {2},
  pages     = {364--386},
  publisher = {Sage Publications Sage UK: London, England},
	doi = {https://doi.org/10.1177/1094428106291059}
}

@Book{Borenstein2009,
  title     = {Introduction to meta-analysis},
  publisher = {Wiley},
  year      = {2009},
  author    = {Borenstein, Michael and Hedges, Larry V and Higgins, Julian and Rothstein, Hannah R},
}

@Misc{RevMan,
  author = {{Cochrane Collaboration}},
  title  = {RevMan 5.1},
  year   = {2011},
}

@Manual{DSM-5,
  title   = {Diagnostic and Statistical Manual of Mental Disorders, Fifth Edition (DSM-5)},
  author  = {The American Psychiatric Association},
  edition = {5},
  year    = {2013},
}

@Manual{DSM-4,
  title   = {Diagnostic and Statistical Manual of Mental Disorders, Fourth Edition (DSM-4)},
  author  = {The American Psychiatric Association},
  edition = {4},
  year    = {2000},
}

@Article{Loo2005,
  author  = {Sandra K. Loo and Russell A. Barkley},
  title   = {Clinical utility of EEG in Attention Deficit Hyperactivity Disorder},
  journal = {Applied Neuropsychology},
  year    = {2005},
  volume  = {12},
  pages   = {64-76},
	doi = {https://doi.org/10.1007/s13311-012-0131-z}
}

@Article{Micoulaud2016,
  author  = {Jean-Arthur Micoulaud-Franchi and Francesco Salvo and Stephanie Bioulac and Thomas Fovet},
  title   = {Neurofeedbach in Attention-Deficit/Hyperactivity Disorder: Efficacy},
  journal = {Journal of the American Academy of Child \& Adolescent Psychiatry},
  year    = {2016},
	doi = {https://doi.org/10.1016/j.jaac.2016.09.493}
}

@Article{Arnold2014,
  author  = {L. Eugene Arnold and Nicholas Lofthouse and Sarah Hersch and Xueliang Pan and Elizabeth Hurt and Bethany Bates and Kathleen Kassouf and Stacey Moone and Cara Grantier},
  title   = {EEG Neurofeedback for Attention-Deficit/Hyperactivity Disorder: Double-Blind Sham-Controlled Randomized Pilot Feasibility Trial},
  journal = {Journal of Atention Disorder},
  year    = {2014},
	doi = {https://doi.org/10.1177/1087054712446173}
}

@Article{Lofthouse2012,
  author  = {Nicholas Lofthouse and L. Eugene Arnold and Sarah Hersch and Elizabeth Hurt and Roger DeBeus},
  title   = {A review of Neurofeedback treatment for pediatric ADHD},
  journal = {Journal of Attention Disorders},
  year    = {2012},
	doi = {https://doi.org/10.1177/1087054711427530}
}

@Article{Sonuga-Barke2013,
  author  = {Edmund J.S. Sonuga-Barke and Daniel Brandeis and Samuele Cortese and David Daley and Maite Ferrin and Martin Holtmann and Jim Stevenson and Marina Danckaerts and Saskia van der Oord and Manfred Döpfner and Ralf W. Dittmann and Emily Simonoff and Alessandro Zuddas and Tobias Banaschewski and Jan Buitelaar and David Coghill and Chris Hollis and Eric Konofal and Michel Lecendreux and Ian C.K. Wong and Joseph Sergeant},
  title   = {Nonpharmacological Interventions for ADHD: Systematic Review and Meta-Analyses of Randomized Controlled Trials of Dietary and Psychological Treatments},
  journal = {American Journal of Psychiatry},
  year    = {2013},
	doi = {https://doi.org/10.1176/appi.ajp.2012.12070991}
}

@Article{Mohagheghi2017,
  author    = {Mohagheghi, Arash and Amiri, Shahrokh and Moghaddasi Bonab, Nafiseh and Chalabianloo, Gholamreza and Noorazar, Seyed Gholamreza and Tabatabaei, Seyed Mahmoud and Farhang, Sara},
  title     = {A Randomized Trial of Comparing the Efficacy of Two Neurofeedback Protocols for Treatment of Clinical and Cognitive Symptoms of ADHD: Theta Suppression/Beta Enhancement and Theta Suppression/Alpha Enhancement},
  journal   = {BioMed Research International},
  year      = {2017},
  volume    = {2017},
  publisher = {Hindawi Publishing Corporation},
	doi = {https://doi.org/10.1155/2017/3513281}
}

@Article{vanDongenBoomsma2015,
  author  = {van Dongen-Boomsma M and Vollebregt MA and Slaats-Willemse D and Buitelaar JK},
  title   = {Efficacy of frequency-neurofeedback and Cogmed JM-working memory training in children with ADHD},
  journal = {Tijdschrift voor Psychiatrie},
  year    = {2015},
}

@Article{Lee2017,
  author    = {Lee, Eun-Jeong and Jung, Chul-Ho},
  title     = {Additive effects of neurofeedback on the treatment of ADHD: A randomized controlled study},
  journal   = {Asian Journal of Psychiatry},
  year      = {2017},
  volume    = {25},
  pages     = {16--21},
  publisher = {Elsevier},
	doi = {https://doi.org/10.1016/j.ajp.2016.09.002}
}

@Article{Christiansen2014,
  author    = {Christiansen, Hanna and Reh, Verena and Schmidt, Martin H and Rief, Winfried},
  title     = {Slow cortical potential neurofeedback and self-management training in outpatient care for children with ADHD: study protocol and first preliminary results of a randomized controlled trial},
  journal   = {Frontiers in human neuroscience},
  year      = {2014},
  volume    = {8},
  publisher = {Frontiers Media SA},
	doi = {https://doi.org/10.3389/fnhum.2014.00943}
}

@Article{Bakhshayesh2011,
  title={Neurofeedback in ADHD: a single-blind randomized controlled trial},
  author={Bakhshayesh, Ali Reza and H{\"a}nsch, Sylvana and Wyschkon, Anne and Rezai, Mohammad Javad and Esser, G{\"u}nter},
  journal={European child \& adolescent psychiatry},
  volume={20},
  number={9},
  pages={481},
  year={2011},
  publisher={Springer},
	doi = {https://doi.org/10.1007/s00787-011-0208-y}
}

@Article{Beauregard2006,
  author    = {Beauregard, Mario and Levesque, Johanne},
  title     = {Functional magnetic resonance imaging investigation of the effects of neurofeedback training on the neural bases of selective attention and response inhibition in children with 
	            attention-deficit/hyperactivity disorder},
  journal   = {Applied psychophysiology and biofeedback},
  year      = {2006},
  volume    = {31},
  number    = {1},
  pages     = {3--20},
  publisher = {Springer},
	doi = {https://doi.org/10.1007/s10484-006-9001-y}
}

@Article{Maurizio2014,
  author    = {Maurizio, Stefano and Liechti, Martina Daniela and Heinrich, Hartmut and J{\"a}ncke, Lutz and Steinhausen, Hans-Christoph and Walitza, Susanne and Brandeis, Daniel and Drechsler, Renate},
  title     = {Comparing tomographic EEG neurofeedback and EMG biofeedback in children with attention-deficit/hyperactivity disorder},
  journal   = {Biological psychology},
  year      = {2014},
  volume    = {95},
  pages     = {31--44},
  publisher = {Elsevier},
	doi = {https://doi.org/10.1016/j.biopsycho.2013.10.008}
}

@Article{VanDongen2013,
  author  = {van Dongen-Boomsma, Martine and Vollebregt, Madelon A and Slaats-Willemse, Dorine and Buitelaar, Jan K},
  title   = {A randomized placebo-controlled trial of electroencephalographic (EEG) neurofeedback in children with attention-deficit/hyperactivity disorder},
  journal = {J Clin Psychiatry},
  year    = {2013},
  volume  = {74},
  number  = {8},
  pages   = {821--827},
	doi = {https://doi.org/10.4088/JCP.12m08321}
}

@Article{Steiner2011,
  author    = {Steiner, Naomi J and Sheldrick, Radley Christopher and Gotthelf, David and Perrin, Ellen C},
  title     = {Computer-based attention training in the schools for children with attention deficit/hyperactivity disorder: a preliminary trial},
  journal   = {Clinical pediatrics},
  year      = {2011},
  volume    = {50},
  number    = {7},
  pages     = {615--622},
  publisher = {SAGE Publications Sage CA: Los Angeles, CA},
	doi = {https://doi.org/10.1177/0009922810397887}
}

@Article{Holtmann2009,
  author    = {Holtmann, Martin and Grasmann, D{\"o}rte and Cionek-Szpak, Ewa and Hager, Viola and Panzner, Nicole and Beyer, Anke and Poustka, Fritz and Stadler, Christina},
  title     = {Spezifische Wirksamkeit von Neurofeedback auf die Impulsivit{\"a}t bei ADHS},
  journal   = {Kindheit und Entwicklung},
  year      = {2009},
  volume    = {18},
  number    = {2},
  pages     = {95--104},
  publisher = {Hogrefe Verlag G{\"o}ttingen},
	doi = {https://doi.org/10.1026/0942-5403.18.2.95}
}

@Article{Gevensleben2009,
  author    = {Gevensleben, Holger and Holl, Birgit and Albrecht, Bj{\"o}rn and Vogel, Claudia and Schlamp, Dieter and Kratz, Oliver and Studer, Petra and Rothenberger, Aribert and Moll, Gunther H and Heinrich, Hartmut},
  title     = {Is neurofeedback an efficacious treatment for ADHD? A randomised controlled clinical trial},
  journal   = {Journal of Child Psychology and Psychiatry},
  year      = {2009},
  volume    = {50},
  number    = {7},
  pages     = {780--789},
  publisher = {Wiley Online Library},
	doi = {https://doi.org/10.1111/j.1469-7610.2008.02033.x}
}

@Article{Linden1996,
  author    = {Linden, Michael and Habib, Thomas and Radojevic, Vesna},
  title     = {A controlled study of the effects of EEG biofeedback on cognition and behavior of children with attention deficit disorder and learning disabilities},
  journal   = {Applied Psychophysiology and Biofeedback},
  year      = {1996},
  volume    = {21},
  number    = {1},
  pages     = {35--49},
  publisher = {Springer},
}

@Article{Steiner2014,
  author    = {Steiner, Naomi J and Frenette, Elizabeth C and Rene, Kirsten M and Brennan, Robert T and Perrin, Ellen C},
  title     = {Neurofeedback and cognitive attention training for children with attention-deficit hyperactivity disorder in schools},
  journal   = {Journal of Developmental \& Behavioral Pediatrics},
  year      = {2014},
  volume    = {35},
  number    = {1},
  pages     = {18--27},
  publisher = {LWW},
	doi = {https://doi.org/10.1097/DBP.0000000000000009}
}

@Article{Bink2014,
  author  = {Marleen Bink and Chijs van Nieuwenhuizen and Arne Popma and Ilja L. Bongers and Geert J. M. van Boxtel},
  title   = {Behavioral effects of neurofeedback in adolescents with ADHD: a randomized controlled trial},
  journal = {European Child and Adolescent Psychiatry},
  year    = {2014},
	doi = {https://doi.org/10.1007/s00787-014-0655-3}
}

@article{loo2017,
  title={Parsing heterogeneity in attention-deficit hyperactivity disorder using EEG-based subgroups},
  author={Loo, Sandra K and McGough, James J and McCracken, James T and Smalley, Susan L},
  journal={Journal of Child Psychology and Psychiatry},
  year={2017},
  publisher={Wiley Online Library},
	doi = {https://doi.org/10.1111/jcpp.12814}
}

@article{Arns2015,
  title={Neurofeedback in ADHD},
  author={Arns, Martijn and Heinrich, Hartmut and Ros, Tomas and Rothenberger, Aribert and Strehl, Ute},
  journal={Frontiers in human neuroscience},
  volume={9},
  pages={602},
  year={2015},
  publisher={Frontiers},
	doi = {https://doi.org/10.3389/fnhum.2015.00602}
}

@incollection{Matouvsek1984,
  title={EEG frequency analysis in children with so-called minimal brain dysfunction and related disorders},
  author={Matou{\v{s}}ek, Milos and Rasmussen, Peder and Gillberg, Christopher},
  booktitle={Neurophysiological Correlates of Mental Disorders},
  volume={15},
  pages={102--108},
  year={1984},
  publisher={Karger Publishers},
	doi = {https://doi.org/10.1159/000410508}
}

@article{Janzen1995,
  title={Differences in baseline EEG measures for ADD and normally achieving preadolescent males},
  author={Janzen, Troy and Graap, Ken and Stephanson, Stephan and Marshall, Wilma and Fitzsimmons, George},
  journal={Biofeedback and self-Regulation},
  volume={20},
  number={1},
  pages={65--82},
  year={1995},
  publisher={Springer}
}

@article{Steffert2010,
  title={Neurofeedback and ADHD},
  author={Steffert, Beverley and Steffert, Tony},
  journal={ADHD in practice},
  volume={2},
  number={1},
  pages={16--19},
  year={2010}
}

@article{Arns2013,
  title={A decade of EEG theta/beta ratio research in ADHD: a meta-analysis},
  author={Arns, Martijn and Conners, C Keith and Kraemer, Helena C},
  journal={Journal of attention disorders},
  volume={17},
  number={5},
  pages={374--383},
  year={2013},
  publisher={Sage Publications Sage CA: Los Angeles, CA},
	doi = {https://doi.org/10.1177/1087054712460087}
}

@article{Banaschewski2007,
  title={Annotation: what electrical brain activity tells us about brain function that other techniques cannot tell us--a child psychiatric perspective},
  author={Banaschewski, Tobias and Brandeis, Daniel},
  journal={Journal of Child Psychology and Psychiatry},
  volume={48},
  number={5},
  pages={415--435},
  year={2007},
  publisher={Wiley Online Library},
	doi = {https://doi.org/10.1111/j.1469-7610.2006.01681.x}
}

@article{Rossiter1995,
  title={A comparison of EEG biofeedback and psychostimulants in treating attention deficit/hyperactivity disorders},
  author={Rossiter, Dr Thomas R and La Vaque, Theodore J},
  journal={Journal of Neurotherapy},
  volume={1},
  number={1},
  pages={48--59},
  year={1995},
  publisher={Taylor \& Francis},
	doi = {https://doi.org/10.1300/J184v01n01_07}
}

@book{ICD101993,
  title={The ICD-10 classification of mental and behavioural disorders: diagnostic criteria for research},
  author={World Health Organization},
  volume={2},
  year={1993},
  publisher={World Health Organization}
}

@article{Pedregosa2011,
  title={Scikit-learn: Machine learning in Python},
  author={Pedregosa, Fabian and Varoquaux, Ga{\"e}l and Gramfort, Alexandre and Michel, Vincent and Thirion, Bertrand and Grisel, Olivier and Blondel, Mathieu and Prettenhofer, Peter and Weiss, Ron and Dubourg, Vincent and others},
  journal={Journal of machine learning research},
  volume={12},
  number={Oct},
  pages={2825--2830},
  year={2011}
}

@book{Montgomery2012,
  title={Introduction to linear regression analysis},
  author={Montgomery, Douglas C and Peck, Elizabeth A and Vining, G Geoffrey},
  volume={821},
  year={2012},
  publisher={John Wiley \& Sons}
}

@article{Tibshirani1996,
  title={Regression shrinkage and selection via the lasso},
  author={Tibshirani, Robert},
  journal={Journal of the Royal Statistical Society. Series B (Methodological)},
  pages={267--288},
  year={1996},
  publisher={JSTOR}
}

@article{Quinlan1986,
  title={Induction of decision trees},
  author={Quinlan, J. Ross},
  journal={Machine learning},
  volume={1},
  number={1},
  pages={81--106},
  year={1986},
  publisher={Springer}
}

@book{Shapiro2010,
  title={Academic skills problems fourth edition workbook},
  author={Shapiro, Edward S},
  year={2010},
  publisher={Guilford Press}
}

@book{James2013,
  title={An introduction to statistical learning},
  author={James, Gareth and Witten, Daniela and Hastie, Trevor and Tibshirani, Robert},
  volume={112},
  year={2013},
  publisher={Springer}
}

@book{Cohen1988,
  title={Statistical power analysis for the behavioral sciences 2nd edn},
  author={Cohen, Jacob},
  year={1988},
  publisher={Erlbaum Associates, Hillsdale}
}

@inproceedings{Seabold2010,
  title={Statsmodels: Econometric and statistical modeling with python},
  author={Seabold, Skipper and Perktold, Josef},
  booktitle={Proceedings of the 9th Python in Science Conference},
  volume={57},
  pages={61},
  year={2010},
  organization={SciPy society Austin}
}

@article{VanDoren2017,
  title={Theta/beta neurofeedback in children with ADHD: Feasibility of a short-term setting and plasticity effects},
  author={Van Doren, Jessica and Heinrich, Hartmut and Bezold, Mareile and Reuter, Nina and Kratz, Oliver and Horndasch, Stefanie and Berking, Matthias and Ros, Tomas and Gevensleben, Holger and Moll, Gunther H and others},
  journal={International Journal of Psychophysiology},
  volume={112},
  pages={80--88},
  year={2017},
  publisher={Elsevier},
	doi = {https://doi.org/10.1016/j.ijpsycho.2016.11.004}
}

@article{Monastra2002,
  title={The effects of stimulant therapy, EEG biofeedback, and parenting style on the primary symptoms of attention-deficit/hyperactivity disorder},
  author={Monastra, Vincent J and Monastra, Donna M and George, Susan},
  journal={Applied psychophysiology and biofeedback},
  volume={27},
  number={4},
  pages={231--249},
  year={2002},
  publisher={Springer}
}

@article{Enriquez2017,
  title={EEG-neurofeedback as a tool to modulate cognition and behavior: a review tutorial},
  author={Enriquez-Geppert, Stefanie and Huster, Ren{\'e} J and Herrmann, Christoph S},
  journal={Frontiers in human neuroscience},
  volume={11},
  pages={51},
  year={2017},
  publisher={Frontiers},
	doi = {https://doi.org/10.3389/fnhum.2017.00051}
}

@article{Bluschke2016,
  title={The neuronal mechanisms underlying improvement of impulsivity in ADHD by theta/beta neurofeedback},
  author={Bluschke, Annet and Broschwitz, Felicia and Kohl, Simon and Roessner, Veit and Beste, Christian},
  journal={Scientific reports},
  volume={6},
  pages={31178},
  year={2016},
  publisher={Nature Publishing Group},
	doi = {https://doi.org/10.1038/srep31178}
}

@article{Deilami2016,
  title={The effect of neurofeedback therapy on reducing symptoms associated with attention deficit hyperactivity disorder: A case series study},
  author={Deilami, Mostafa and Jahandideh, Asghar and Kazemnejad, Yousef and Fakour, Yousef and Alipoor, Shiva and Rabiee, Fatemeh and Pournesaie, Ghazal Saadat and Heidari, Rosemarie Noot and Mosavi, Seyed Aliasghar},
  journal={Basic and clinical neuroscience},
  volume={7},
  number={2},
  pages={167},
  year={2016},
  publisher={Iranian Neuroscience Society},
	doi = {https://doi.org/10.15412/J.BCN.03070211}
}

@article{Drechsler2007,
  title={Controlled evaluation of a neurofeedback training of slow cortical potentials in children with attention deficit/hyperactivity disorder (ADHD)},
  author={Drechsler, Renate and Straub, Marc and Doehnert, Mirko and Heinrich, Hartmut and Steinhausen, Hans-Christoph and Brandeis, Daniel},
  journal={Behavioral and brain functions},
  volume={3},
  number={1},
  pages={35},
  year={2007},
  publisher={BioMed Central},
	doi = {https://doi.org/10.1186/1744-9081-3-35}
}

@article{Duric2012,
  title={Neurofeedback for the treatment of children and adolescents with ADHD: a randomized and controlled clinical trial using parental reports},
  author={Duric, Nezla S and Assmus, J{\o}rg and Gundersen, Doris and Elgen, Irene B},
  journal={BMC psychiatry},
  volume={12},
  number={1},
  pages={107},
  year={2012},
  publisher={BioMed Central},
	doi = {https://doi.org/10.1186/1471-244X-12-107}
}

@article{Escolano2014,
  title={The effects of individual upper alpha neurofeedback in ADHD: an open-label pilot study},
  author={Escolano, Carlos and Navarro-Gil, Mayte and Garcia-Campayo, Javier and Congedo, Marco and Minguez, Javier},
  journal={Applied psychophysiology and biofeedback},
  volume={39},
  number={3-4},
  pages={193--202},
  year={2014},
  publisher={Springer},
	doi = {https://doi.org/10.1007/s10484-014-9257-6}
}

@article{Fuchs2003,
  title={Neurofeedback treatment for attention-deficit/hyperactivity disorder in children: a comparison with methylphenidate},
  author={Fuchs, Thomas and Birbaumer, Niels and Lutzenberger, Werner and Gruzelier, John H and Kaiser, Jochen},
  journal={Applied psychophysiology and biofeedback},
  volume={28},
  number={1},
  pages={1--12},
  year={2003},
  publisher={Springer}
}

@article{Kropotov2005,
  title={ERPs correlates of EEG relative beta training in ADHD children},
  author={Kropotov, Jury D and Grin-Yatsenko, Vera A and Ponomarev, Valery A and Chutko, Leonid S and Yakovenko, Elena A and Nikishena, Inna S},
  journal={International journal of psychophysiology},
  volume={55},
  number={1},
  pages={23--34},
  year={2005},
  publisher={Elsevier},
	doi = {https://doi.org/10.1016/j.ijpsycho.2004.05.011}
}

@article{Leins2007,
  title={Neurofeedback for children with ADHD: a comparison of SCP and Theta/Beta protocols},
  author={Leins, Ulrike and Goth, Gabriella and Hinterberger, Thilo and Klinger, Christoph and Rumpf, Nicola and Strehl, Ute},
  journal={Applied psychophysiology and biofeedback},
  volume={32},
  number={2},
  pages={73--88},
  year={2007},
  publisher={Springer},
	doi = {https://doi.org/10.1007/s10484-007-9031-0}
}

@article{Li2013,
  title={A randomised controlled trial of combined EEG feedback and methylphenidate therapy for the treatment of ADHD},
  author={Li, Li and Yang, Li and Zhuo, CJ and Wang, Yu-Feng},
  journal={Swiss Med. Wkly},
  volume={143},
  pages={w13838},
  year={2013},
	doi = {https://doi.org/10.4414/smw.2013.13838}
}

@article{Ogrim2013,
  title={Effects of neurofeedback versus stimulant medication in attention-deficit/hyperactivity disorder: a randomized pilot study},
  author={Ogrim, Geir and Hestad, Knut A},
  journal={Journal of child and adolescent psychopharmacology},
  volume={23},
  number={7},
  pages={448--457},
  year={2013},
  publisher={Mary Ann Liebert, Inc. 140 Huguenot Street, 3rd Floor New Rochelle, NY 10801 USA},
	doi = {https://doi.org/10.1089/cap.2012.0090}
}

@article{Strehl2006,
  title={Self-regulation of slow cortical potentials: a new treatment for children with attention-deficit/hyperactivity disorder},
  author={Strehl, Ute and Leins, Ulrike and Goth, Gabriella and Klinger, Christoph and Hinterberger, Thilo and Birbaumer, Niels},
  journal={Pediatrics},
  volume={118},
  number={5},
  pages={e1530--e1540},
  year={2006},
  publisher={Am Acad Pediatrics},
	doi = {https://doi.org/10.1542/peds.2005-2478}
}

@article{Vernon2004,
  title={Neurofeedback as a treatment for ADHD: A methodological review with implications for future research},
  author={Vernon, David and Frick, Ann and Gruzelier, John},
  journal={Journal of Neurotherapy},
  volume={8},
  number={2},
  pages={53--82},
  year={2004},
  publisher={Taylor \& Francis},
	doi = {https://doi.org/10.1300/J184v08n02_04}
}

@article{Mohammadi2015,
  title={Comparison of sensorimotor rhythm (SMR) and beta training on selective attention and symptoms in children with attention deficit/hyperactivity disorder (ADHD): A trend report},
  author={Mohammadi, Mohammad Reza and Malmir, Nastaran and Khaleghi, Ali and Aminiorani, Majd},
  journal={Iranian journal of psychiatry},
  volume={10},
  number={3},
  pages={165},
  year={2015},
  publisher={Tehran University of Medical Sciences}
}

@article{Fouillen2017,
  title={ERP-based BCI for children with ADHD},
  author={Fouillen, M and Maby, E and Le Career, L and Herbillon, V and Mattout, J},
  year={2017},
}

@article{Collett2003,
  title={Ten-year review of rating scales. V: scales assessing attention-deficit/hyperactivity disorder},
  author={Collett, Brent R and Ohan, Jeneva L and Myers, Kathleen M},
  journal={Journal of the American Academy of Child \& Adolescent Psychiatry},
  volume={42},
  number={9},
  pages={1015--1037},
  year={2003},
  publisher={Elsevier},
	doi = {https://doi.org/10.1097/01.CHI.0000070245.24125.B6}
}

@inproceedings{Conners2008,
  title={Conners 3},
  author={Conners, C Keith},
  year={2008},
  organization={MHS}
}

@article{Conners1998,
  title={The revised Conners' Parent Rating Scale (CPRS-R): factor structure, reliability, and criterion validity},
  author={Conners, C Keith and Sitarenios, Gill and Parker, James DA and Epstein, Jeffery N},
  journal={Journal of abnormal child psychology},
  volume={26},
  number={4},
  pages={257--268},
  year={1998},
  publisher={Springer}
}

@inproceedings{dwyer2007,
  title={Decision tree instability and active learning},
  author={Dwyer, Kenneth and Holte, Robert},
  booktitle={European Conference on Machine Learning},
  pages={128--139},
  year={2007},
  organization={Springer}
}

@book{vanDongenBoomsma20152014thesis,
  title={Need, Quest \& Evidence. Resting-state oscillations, neurofeedback, and working memory training in ADHD.},
  author={Dongen-Boomsma, M van},
  year={2014},
  publisher={[Sl: sn]}
}

@article{Epstein2012,
  title={Assessing treatment outcomes in attention-deficit/hyperactivity disorder: a narrative review},
  author={Epstein, Jeffery N and Weiss, Margaret D},
  journal={The primary care companion for CNS disorders},
  volume={14},
  number={6},
  year={2012},
  publisher={Physicians Postgraduate Press, Inc.},
	doi = {https://doi.org/10.4088/PCC.11r01336}
}

@article{Faraone2006,
  title={The age-dependent decline of attention deficit hyperactivity disorder: a meta-analysis of follow-up studies},
  author={Faraone, Stephen V and Biederman, Joseph and Mick, Eric},
  journal={Psychological medicine},
  volume={36},
  number={2},
  pages={159--165},
  year={2006},
  publisher={Cambridge University Press},
	doi = {https://doi.org/10.1017/S003329170500471X}
}

@article{Jeunet2018,
  title={Using recent BCI literature to deepen our understanding of clinical neurofeedback: A short review},
  author={Jeunet, Camille and Lotte, Fabien and Batail, Jean-Marie and Philip, Pierre and Franchi, Jean-Arthur Micoulaud},
  journal={Neuroscience},
  year={2018},
  publisher={Elsevier},
	doi = {https://doi.org/10.1016/j.neuroscience.2018.03.013}
}

@Comment{jabref-meta: databaseType:bibtex;}
